%YAML 1.1
%TAG !u! tag:unity3d.com,2011:
--- !u!1 &900298371004178774
GameObject:
  m_ObjectHideFlags: 0
  m_CorrespondingSourceObject: {fileID: 0}
  m_PrefabInstance: {fileID: 0}
  m_PrefabAsset: {fileID: 0}
  serializedVersion: 6
  m_Component:
  - component: {fileID: 120926705308015776}
  - component: {fileID: 6480855092146964506}
  - component: {fileID: 949725397448506351}
  m_Layer: 0
  m_Name: SceneMusic
  m_TagString: Untagged
  m_Icon: {fileID: 0}
  m_NavMeshLayer: 0
  m_StaticEditorFlags: 0
  m_IsActive: 1
--- !u!4 &120926705308015776
Transform:
  m_ObjectHideFlags: 0
  m_CorrespondingSourceObject: {fileID: 0}
  m_PrefabInstance: {fileID: 0}
  m_PrefabAsset: {fileID: 0}
  m_GameObject: {fileID: 900298371004178774}
  m_LocalRotation: {x: 0, y: 0, z: 0, w: 1}
  m_LocalPosition: {x: 0, y: 0, z: 0}
  m_LocalScale: {x: 1, y: 1, z: 1}
  m_ConstrainProportionsScale: 0
  m_Children: []
  m_Father: {fileID: 7408046314633114327}
  m_RootOrder: 8
  m_LocalEulerAnglesHint: {x: 0, y: 0, z: 0}
--- !u!82 &6480855092146964506
AudioSource:
  m_ObjectHideFlags: 0
  m_CorrespondingSourceObject: {fileID: 0}
  m_PrefabInstance: {fileID: 0}
  m_PrefabAsset: {fileID: 0}
  m_GameObject: {fileID: 900298371004178774}
  m_Enabled: 1
  serializedVersion: 4
  OutputAudioMixerGroup: {fileID: 0}
  m_audioClip: {fileID: 0}
  m_PlayOnAwake: 1
  m_Volume: 0.398
  m_Pitch: 1
  Loop: 1
  Mute: 0
  Spatialize: 0
  SpatializePostEffects: 0
  Priority: 128
  DopplerLevel: 1
  MinDistance: 1
  MaxDistance: 500
  Pan2D: 0
  rolloffMode: 0
  BypassEffects: 0
  BypassListenerEffects: 0
  BypassReverbZones: 0
  rolloffCustomCurve:
    serializedVersion: 2
    m_Curve:
    - serializedVersion: 3
      time: 0
      value: 1
      inSlope: 0
      outSlope: 0
      tangentMode: 0
      weightedMode: 0
      inWeight: 0.33333334
      outWeight: 0.33333334
    - serializedVersion: 3
      time: 1
      value: 0
      inSlope: 0
      outSlope: 0
      tangentMode: 0
      weightedMode: 0
      inWeight: 0.33333334
      outWeight: 0.33333334
    m_PreInfinity: 2
    m_PostInfinity: 2
    m_RotationOrder: 4
  panLevelCustomCurve:
    serializedVersion: 2
    m_Curve:
    - serializedVersion: 3
      time: 0
      value: 0
      inSlope: 0
      outSlope: 0
      tangentMode: 0
      weightedMode: 0
      inWeight: 0.33333334
      outWeight: 0.33333334
    m_PreInfinity: 2
    m_PostInfinity: 2
    m_RotationOrder: 4
  spreadCustomCurve:
    serializedVersion: 2
    m_Curve:
    - serializedVersion: 3
      time: 0
      value: 0
      inSlope: 0
      outSlope: 0
      tangentMode: 0
      weightedMode: 0
      inWeight: 0.33333334
      outWeight: 0.33333334
    m_PreInfinity: 2
    m_PostInfinity: 2
    m_RotationOrder: 4
  reverbZoneMixCustomCurve:
    serializedVersion: 2
    m_Curve:
    - serializedVersion: 3
      time: 0
      value: 1
      inSlope: 0
      outSlope: 0
      tangentMode: 0
      weightedMode: 0
      inWeight: 0.33333334
      outWeight: 0.33333334
    m_PreInfinity: 2
    m_PostInfinity: 2
    m_RotationOrder: 4
--- !u!114 &949725397448506351
MonoBehaviour:
  m_ObjectHideFlags: 0
  m_CorrespondingSourceObject: {fileID: 0}
  m_PrefabInstance: {fileID: 0}
  m_PrefabAsset: {fileID: 0}
  m_GameObject: {fileID: 900298371004178774}
  m_Enabled: 1
  m_EditorHideFlags: 0
  m_Script: {fileID: 11500000, guid: ad04d1af1f2b25f4cbf34039fdd3714e, type: 3}
  m_Name: 
  m_EditorClassIdentifier: 
  sfx:
  - {fileID: 8300000, guid: a9571282e0b0bc0458ea0bf769251176, type: 3}
  maxVolume: 1
  minVolume: 1
  maxPitch: 1
  minPitch: 1
  playOnAwake: 1
  isThisMusic: 1
--- !u!1 &2408285017272259990
GameObject:
  m_ObjectHideFlags: 0
  m_CorrespondingSourceObject: {fileID: 0}
  m_PrefabInstance: {fileID: 0}
  m_PrefabAsset: {fileID: 0}
  serializedVersion: 6
  m_Component:
  - component: {fileID: 4056049621312196808}
  - component: {fileID: 8911896099728495759}
  m_Layer: 0
  m_Name: CM vcam1
  m_TagString: Untagged
  m_Icon: {fileID: 0}
  m_NavMeshLayer: 0
  m_StaticEditorFlags: 0
  m_IsActive: 1
--- !u!4 &4056049621312196808
Transform:
  m_ObjectHideFlags: 0
  m_CorrespondingSourceObject: {fileID: 0}
  m_PrefabInstance: {fileID: 0}
  m_PrefabAsset: {fileID: 0}
  m_GameObject: {fileID: 2408285017272259990}
  m_LocalRotation: {x: 0.16550346, y: 0.81720614, z: -0.28666037, w: 0.4718142}
  m_LocalPosition: {x: -21.044415, y: 24.07, z: 12.1500025}
  m_LocalScale: {x: 1, y: 1, z: 1}
  m_ConstrainProportionsScale: 0
  m_Children:
  - {fileID: 3421525007132618321}
  m_Father: {fileID: 7408046314633114327}
  m_RootOrder: 6
  m_LocalEulerAnglesHint: {x: 0, y: 0, z: 0}
--- !u!114 &8911896099728495759
MonoBehaviour:
  m_ObjectHideFlags: 0
  m_CorrespondingSourceObject: {fileID: 0}
  m_PrefabInstance: {fileID: 0}
  m_PrefabAsset: {fileID: 0}
  m_GameObject: {fileID: 2408285017272259990}
  m_Enabled: 1
  m_EditorHideFlags: 0
  m_Script: {fileID: 11500000, guid: 45e653bab7fb20e499bda25e1b646fea, type: 3}
  m_Name: 
  m_EditorClassIdentifier: 
  m_ExcludedPropertiesInInspector:
  - m_Script
  m_LockStageInInspector: 
  m_StreamingVersion: 20170927
  m_Priority: 500
  m_StandbyUpdate: 2
  m_LookAt: {fileID: 7673284735178244418}
  m_Follow: {fileID: 7673284735178244418}
  m_Lens:
    FieldOfView: 40
    OrthographicSize: 10
    NearClipPlane: 0.1
    FarClipPlane: 5000
    Dutch: 0
    ModeOverride: 0
    LensShift: {x: 0, y: 0}
    GateFit: 2
    m_SensorSize: {x: 36, y: 24}
  m_Transitions:
    m_BlendHint: 0
    m_InheritPosition: 0
    m_OnCameraLive:
      m_PersistentCalls:
        m_Calls: []
  m_LegacyBlendHint: 0
  m_ComponentOwner: {fileID: 3421525007132618321}
--- !u!1 &7233583096347781204
GameObject:
  m_ObjectHideFlags: 0
  m_CorrespondingSourceObject: {fileID: 0}
  m_PrefabInstance: {fileID: 0}
  m_PrefabAsset: {fileID: 0}
  serializedVersion: 6
  m_Component:
  - component: {fileID: 3421525007132618321}
  - component: {fileID: 4800009272104028623}
  - component: {fileID: 3226887968010593708}
  - component: {fileID: 5314110462753265907}
  m_Layer: 0
  m_Name: cm
  m_TagString: Untagged
  m_Icon: {fileID: 0}
  m_NavMeshLayer: 0
  m_StaticEditorFlags: 0
  m_IsActive: 1
--- !u!4 &3421525007132618321
Transform:
  m_ObjectHideFlags: 0
  m_CorrespondingSourceObject: {fileID: 0}
  m_PrefabInstance: {fileID: 0}
  m_PrefabAsset: {fileID: 0}
  m_GameObject: {fileID: 7233583096347781204}
  m_LocalRotation: {x: -0.005377024, y: -0.985842, z: 0.1644651, w: 0.03221755}
  m_LocalPosition: {x: 0.13260937, y: -20.151892, z: 85.27106}
  m_LocalScale: {x: 1, y: 1, z: 1}
  m_ConstrainProportionsScale: 0
  m_Children: []
  m_Father: {fileID: 4056049621312196808}
  m_RootOrder: 0
  m_LocalEulerAnglesHint: {x: 0, y: 0, z: 0}
--- !u!114 &4800009272104028623
MonoBehaviour:
  m_ObjectHideFlags: 0
  m_CorrespondingSourceObject: {fileID: 0}
  m_PrefabInstance: {fileID: 0}
  m_PrefabAsset: {fileID: 0}
  m_GameObject: {fileID: 7233583096347781204}
  m_Enabled: 1
  m_EditorHideFlags: 0
  m_Script: {fileID: 11500000, guid: ac0b09e7857660247b1477e93731de29, type: 3}
  m_Name: 
  m_EditorClassIdentifier: 
--- !u!114 &3226887968010593708
MonoBehaviour:
  m_ObjectHideFlags: 0
  m_CorrespondingSourceObject: {fileID: 0}
  m_PrefabInstance: {fileID: 0}
  m_PrefabAsset: {fileID: 0}
  m_GameObject: {fileID: 7233583096347781204}
  m_Enabled: 1
  m_EditorHideFlags: 0
  m_Script: {fileID: 11500000, guid: f4044717213e31446939f7bd49c896ea, type: 3}
  m_Name: 
  m_EditorClassIdentifier: 
  m_TrackedObjectOffset: {x: 0, y: 0, z: 0}
  m_LookaheadTime: 0
  m_LookaheadSmoothing: 0
  m_LookaheadIgnoreY: 0
  m_HorizontalDamping: 0.5
  m_VerticalDamping: 0.5
  m_ScreenX: 0.5
  m_ScreenY: 0.5
  m_DeadZoneWidth: 0
  m_DeadZoneHeight: 0
  m_SoftZoneWidth: 0.8
  m_SoftZoneHeight: 0.8
  m_BiasX: 0
  m_BiasY: 0
  m_CenterOnActivate: 1
--- !u!114 &5314110462753265907
MonoBehaviour:
  m_ObjectHideFlags: 0
  m_CorrespondingSourceObject: {fileID: 0}
  m_PrefabInstance: {fileID: 0}
  m_PrefabAsset: {fileID: 0}
  m_GameObject: {fileID: 7233583096347781204}
  m_Enabled: 1
  m_EditorHideFlags: 0
  m_Script: {fileID: 11500000, guid: fa7155796051b734daa718462081dc5f, type: 3}
  m_Name: 
  m_EditorClassIdentifier: 
  m_BindingMode: 1
  m_FollowOffset: {x: 0, y: 19.44, z: -24.3}
  m_XDamping: 1
  m_YDamping: 1
  m_ZDamping: 1
  m_AngularDampingMode: 0
  m_PitchDamping: 0
  m_YawDamping: 0
  m_RollDamping: 0
  m_AngularDamping: 0
--- !u!1 &7408046314633114328
GameObject:
  m_ObjectHideFlags: 0
  m_CorrespondingSourceObject: {fileID: 0}
  m_PrefabInstance: {fileID: 0}
  m_PrefabAsset: {fileID: 0}
  serializedVersion: 6
  m_Component:
  - component: {fileID: 7408046314633114327}
  - component: {fileID: 2870111241866940571}
  m_Layer: 0
  m_Name: Core
  m_TagString: Untagged
  m_Icon: {fileID: 0}
  m_NavMeshLayer: 0
  m_StaticEditorFlags: 0
  m_IsActive: 1
--- !u!4 &7408046314633114327
Transform:
  m_ObjectHideFlags: 0
  m_CorrespondingSourceObject: {fileID: 0}
  m_PrefabInstance: {fileID: 0}
  m_PrefabAsset: {fileID: 0}
  m_GameObject: {fileID: 7408046314633114328}
  m_LocalRotation: {x: 0, y: 0, z: 0, w: 1}
  m_LocalPosition: {x: 0, y: 0, z: 0}
  m_LocalScale: {x: 1, y: 1, z: 1}
  m_ConstrainProportionsScale: 0
  m_Children:
  - {fileID: 4124953467679416444}
  - {fileID: 7077315355233868218}
  - {fileID: 7673284735178244418}
  - {fileID: 5012400142811163563}
  - {fileID: 8733098208864155574}
  - {fileID: 5592475865750090701}
  - {fileID: 4056049621312196808}
  - {fileID: 4175378210201257797}
  - {fileID: 120926705308015776}
  m_Father: {fileID: 0}
  m_RootOrder: 0
  m_LocalEulerAnglesHint: {x: 0, y: 0, z: 0}
--- !u!114 &2870111241866940571
MonoBehaviour:
  m_ObjectHideFlags: 0
  m_CorrespondingSourceObject: {fileID: 0}
  m_PrefabInstance: {fileID: 0}
  m_PrefabAsset: {fileID: 0}
  m_GameObject: {fileID: 7408046314633114328}
  m_Enabled: 1
  m_EditorHideFlags: 0
  m_Script: {fileID: 11500000, guid: d56fda1cdd5a89442b6f13644ee42d0a, type: 3}
  m_Name: 
  m_EditorClassIdentifier: 
  persistentObjectPrefab: {fileID: 2629611265520905261, guid: 8c710938f1d80704c9bfdc7c50fe2884, type: 3}
--- !u!1001 &2097026937549784129
PrefabInstance:
  m_ObjectHideFlags: 0
  serializedVersion: 2
  m_Modification:
    m_TransformParent: {fileID: 7408046314633114327}
    m_Modifications:
    - target: {fileID: 6922684599262883382, guid: 05071e55e45b4574ab723bffaa091000, type: 3}
      propertyPath: m_Name
      value: Scene Music
      objectReference: {fileID: 0}
    - target: {fileID: 7217036470427988983, guid: 05071e55e45b4574ab723bffaa091000, type: 3}
      propertyPath: m_RootOrder
      value: 4
      objectReference: {fileID: 0}
    - target: {fileID: 7217036470427988983, guid: 05071e55e45b4574ab723bffaa091000, type: 3}
      propertyPath: m_LocalPosition.x
      value: 656.3765
      objectReference: {fileID: 0}
    - target: {fileID: 7217036470427988983, guid: 05071e55e45b4574ab723bffaa091000, type: 3}
      propertyPath: m_LocalPosition.y
      value: 305.31198
      objectReference: {fileID: 0}
    - target: {fileID: 7217036470427988983, guid: 05071e55e45b4574ab723bffaa091000, type: 3}
      propertyPath: m_LocalPosition.z
      value: -69.5625
      objectReference: {fileID: 0}
    - target: {fileID: 7217036470427988983, guid: 05071e55e45b4574ab723bffaa091000, type: 3}
      propertyPath: m_LocalRotation.w
      value: 1
      objectReference: {fileID: 0}
    - target: {fileID: 7217036470427988983, guid: 05071e55e45b4574ab723bffaa091000, type: 3}
      propertyPath: m_LocalRotation.x
      value: -0
      objectReference: {fileID: 0}
    - target: {fileID: 7217036470427988983, guid: 05071e55e45b4574ab723bffaa091000, type: 3}
      propertyPath: m_LocalRotation.y
      value: -0
      objectReference: {fileID: 0}
    - target: {fileID: 7217036470427988983, guid: 05071e55e45b4574ab723bffaa091000, type: 3}
      propertyPath: m_LocalRotation.z
      value: -0
      objectReference: {fileID: 0}
    - target: {fileID: 7217036470427988983, guid: 05071e55e45b4574ab723bffaa091000, type: 3}
      propertyPath: m_LocalEulerAnglesHint.x
      value: 0
      objectReference: {fileID: 0}
    - target: {fileID: 7217036470427988983, guid: 05071e55e45b4574ab723bffaa091000, type: 3}
      propertyPath: m_LocalEulerAnglesHint.y
      value: 0
      objectReference: {fileID: 0}
    - target: {fileID: 7217036470427988983, guid: 05071e55e45b4574ab723bffaa091000, type: 3}
      propertyPath: m_LocalEulerAnglesHint.z
      value: 0
      objectReference: {fileID: 0}
    m_RemovedComponents: []
  m_SourcePrefab: {fileID: 100100000, guid: 05071e55e45b4574ab723bffaa091000, type: 3}
--- !u!4 &8733098208864155574 stripped
Transform:
  m_CorrespondingSourceObject: {fileID: 7217036470427988983, guid: 05071e55e45b4574ab723bffaa091000, type: 3}
  m_PrefabInstance: {fileID: 2097026937549784129}
  m_PrefabAsset: {fileID: 0}
--- !u!1001 &2239953711557289017
PrefabInstance:
  m_ObjectHideFlags: 0
  serializedVersion: 2
  m_Modification:
    m_TransformParent: {fileID: 7408046314633114327}
    m_Modifications:
    - target: {fileID: 6528659630289112978, guid: e3c4c9a43b5e35147869dceb710c7ee2, type: 3}
      propertyPath: m_RootOrder
      value: 3
      objectReference: {fileID: 0}
    - target: {fileID: 6528659630289112978, guid: e3c4c9a43b5e35147869dceb710c7ee2, type: 3}
      propertyPath: m_LocalPosition.x
      value: 0
      objectReference: {fileID: 0}
    - target: {fileID: 6528659630289112978, guid: e3c4c9a43b5e35147869dceb710c7ee2, type: 3}
      propertyPath: m_LocalPosition.y
      value: 173.5
      objectReference: {fileID: 0}
    - target: {fileID: 6528659630289112978, guid: e3c4c9a43b5e35147869dceb710c7ee2, type: 3}
      propertyPath: m_LocalPosition.z
      value: 0
      objectReference: {fileID: 0}
    - target: {fileID: 6528659630289112978, guid: e3c4c9a43b5e35147869dceb710c7ee2, type: 3}
      propertyPath: m_LocalRotation.w
      value: 1
      objectReference: {fileID: 0}
    - target: {fileID: 6528659630289112978, guid: e3c4c9a43b5e35147869dceb710c7ee2, type: 3}
      propertyPath: m_LocalRotation.x
      value: 0
      objectReference: {fileID: 0}
    - target: {fileID: 6528659630289112978, guid: e3c4c9a43b5e35147869dceb710c7ee2, type: 3}
      propertyPath: m_LocalRotation.y
      value: 0
      objectReference: {fileID: 0}
    - target: {fileID: 6528659630289112978, guid: e3c4c9a43b5e35147869dceb710c7ee2, type: 3}
      propertyPath: m_LocalRotation.z
      value: 0
      objectReference: {fileID: 0}
    - target: {fileID: 6528659630289112978, guid: e3c4c9a43b5e35147869dceb710c7ee2, type: 3}
      propertyPath: m_LocalEulerAnglesHint.x
      value: 0
      objectReference: {fileID: 0}
    - target: {fileID: 6528659630289112978, guid: e3c4c9a43b5e35147869dceb710c7ee2, type: 3}
      propertyPath: m_LocalEulerAnglesHint.y
      value: 0
      objectReference: {fileID: 0}
    - target: {fileID: 6528659630289112978, guid: e3c4c9a43b5e35147869dceb710c7ee2, type: 3}
      propertyPath: m_LocalEulerAnglesHint.z
      value: 0
      objectReference: {fileID: 0}
    - target: {fileID: 6528659630289112988, guid: e3c4c9a43b5e35147869dceb710c7ee2, type: 3}
      propertyPath: m_Name
      value: LightningControl
      objectReference: {fileID: 0}
    - target: {fileID: 6528659630289112989, guid: e3c4c9a43b5e35147869dceb710c7ee2, type: 3}
      propertyPath: daySpeed
      value: 2.5
      objectReference: {fileID: 0}
    - target: {fileID: 6528659630289112989, guid: e3c4c9a43b5e35147869dceb710c7ee2, type: 3}
      propertyPath: timeOfDay
      value: 21.428444
      objectReference: {fileID: 0}
    - target: {fileID: 6528659630294927760, guid: e3c4c9a43b5e35147869dceb710c7ee2, type: 3}
      propertyPath: m_Color.b
      value: 0.019829005
      objectReference: {fileID: 0}
    - target: {fileID: 6528659630294927760, guid: e3c4c9a43b5e35147869dceb710c7ee2, type: 3}
      propertyPath: m_Color.g
      value: 0.019829005
      objectReference: {fileID: 0}
    - target: {fileID: 6528659630294927760, guid: e3c4c9a43b5e35147869dceb710c7ee2, type: 3}
      propertyPath: m_Color.r
      value: 0.019829005
      objectReference: {fileID: 0}
    - target: {fileID: 6528659630294927761, guid: e3c4c9a43b5e35147869dceb710c7ee2, type: 3}
      propertyPath: m_LocalRotation.w
      value: -0.037814185
      objectReference: {fileID: 0}
    - target: {fileID: 6528659630294927761, guid: e3c4c9a43b5e35147869dceb710c7ee2, type: 3}
      propertyPath: m_LocalRotation.x
      value: 0.07852529
      objectReference: {fileID: 0}
    - target: {fileID: 6528659630294927761, guid: e3c4c9a43b5e35147869dceb710c7ee2, type: 3}
      propertyPath: m_LocalRotation.y
      value: -0.4322178
      objectReference: {fileID: 0}
    - target: {fileID: 6528659630294927761, guid: e3c4c9a43b5e35147869dceb710c7ee2, type: 3}
      propertyPath: m_LocalRotation.z
      value: -0.8975476
      objectReference: {fileID: 0}
    m_RemovedComponents: []
  m_SourcePrefab: {fileID: 100100000, guid: e3c4c9a43b5e35147869dceb710c7ee2, type: 3}
--- !u!4 &5012400142811163563 stripped
Transform:
  m_CorrespondingSourceObject: {fileID: 6528659630289112978, guid: e3c4c9a43b5e35147869dceb710c7ee2, type: 3}
  m_PrefabInstance: {fileID: 2239953711557289017}
  m_PrefabAsset: {fileID: 0}
--- !u!1001 &3500237525086752716
PrefabInstance:
  m_ObjectHideFlags: 0
  serializedVersion: 2
  m_Modification:
    m_TransformParent: {fileID: 7408046314633114327}
    m_Modifications:
    - target: {fileID: 2074760460426918160, guid: 219d912ba0a53ef4d84e789413959f23, type: 3}
      propertyPath: m_FollowOffset.y
      value: 100
      objectReference: {fileID: 0}
    - target: {fileID: 2074760460426918160, guid: 219d912ba0a53ef4d84e789413959f23, type: 3}
      propertyPath: m_FollowOffset.z
      value: -100
      objectReference: {fileID: 0}
    - target: {fileID: 2584151609770990776, guid: 219d912ba0a53ef4d84e789413959f23, type: 3}
      propertyPath: m_Lens.m_SensorSize.x
      value: 36
      objectReference: {fileID: 0}
    - target: {fileID: 2584151609770990776, guid: 219d912ba0a53ef4d84e789413959f23, type: 3}
      propertyPath: m_Lens.m_SensorSize.y
      value: 24
      objectReference: {fileID: 0}
    - target: {fileID: 3188509642017210817, guid: 219d912ba0a53ef4d84e789413959f23, type: 3}
      propertyPath: m_LocalPosition.x
      value: 0
      objectReference: {fileID: 0}
    - target: {fileID: 3188509642017210817, guid: 219d912ba0a53ef4d84e789413959f23, type: 3}
      propertyPath: m_LocalPosition.y
      value: 0
      objectReference: {fileID: 0}
    - target: {fileID: 3188509642017210817, guid: 219d912ba0a53ef4d84e789413959f23, type: 3}
      propertyPath: m_LocalPosition.z
      value: 0
      objectReference: {fileID: 0}
    - target: {fileID: 3188509642017210817, guid: 219d912ba0a53ef4d84e789413959f23, type: 3}
      propertyPath: m_LocalRotation.w
      value: 0.46534374
      objectReference: {fileID: 0}
    - target: {fileID: 3188509642017210817, guid: 219d912ba0a53ef4d84e789413959f23, type: 3}
      propertyPath: m_LocalRotation.x
      value: 0.18290761
      objectReference: {fileID: 0}
    - target: {fileID: 3188509642017210817, guid: 219d912ba0a53ef4d84e789413959f23, type: 3}
      propertyPath: m_LocalRotation.y
      value: 0.80599904
      objectReference: {fileID: 0}
    - target: {fileID: 3188509642017210817, guid: 219d912ba0a53ef4d84e789413959f23, type: 3}
      propertyPath: m_LocalRotation.z
      value: -0.3168053
      objectReference: {fileID: 0}
    - target: {fileID: 3258225949021567944, guid: 219d912ba0a53ef4d84e789413959f23, type: 3}
      propertyPath: m_Lens.m_SensorSize.x
      value: 36
      objectReference: {fileID: 0}
    - target: {fileID: 3258225949021567944, guid: 219d912ba0a53ef4d84e789413959f23, type: 3}
      propertyPath: m_Lens.m_SensorSize.y
      value: 24
      objectReference: {fileID: 0}
    - target: {fileID: 4718867472766924329, guid: 219d912ba0a53ef4d84e789413959f23, type: 3}
      propertyPath: m_FollowOffset.y
      value: 100
      objectReference: {fileID: 0}
    - target: {fileID: 4718867472766924329, guid: 219d912ba0a53ef4d84e789413959f23, type: 3}
      propertyPath: m_FollowOffset.z
      value: -100
      objectReference: {fileID: 0}
    - target: {fileID: 5955161316605302388, guid: 219d912ba0a53ef4d84e789413959f23, type: 3}
      propertyPath: m_CollideAgainst.m_Bits
      value: 0
      objectReference: {fileID: 0}
    - target: {fileID: 5955161316605302389, guid: 219d912ba0a53ef4d84e789413959f23, type: 3}
      propertyPath: m_Name
      value: CM FreeLook1
      objectReference: {fileID: 0}
    - target: {fileID: 5955161316605302390, guid: 219d912ba0a53ef4d84e789413959f23, type: 3}
      propertyPath: m_RootOrder
      value: 1
      objectReference: {fileID: 0}
    - target: {fileID: 5955161316605302390, guid: 219d912ba0a53ef4d84e789413959f23, type: 3}
      propertyPath: m_LocalPosition.x
      value: -86.60253
      objectReference: {fileID: 0}
    - target: {fileID: 5955161316605302390, guid: 219d912ba0a53ef4d84e789413959f23, type: 3}
      propertyPath: m_LocalPosition.y
      value: 104.63
      objectReference: {fileID: 0}
    - target: {fileID: 5955161316605302390, guid: 219d912ba0a53ef4d84e789413959f23, type: 3}
      propertyPath: m_LocalPosition.z
      value: 50.00001
      objectReference: {fileID: 0}
    - target: {fileID: 5955161316605302390, guid: 219d912ba0a53ef4d84e789413959f23, type: 3}
      propertyPath: m_LocalRotation.w
      value: 1
      objectReference: {fileID: 0}
    - target: {fileID: 5955161316605302390, guid: 219d912ba0a53ef4d84e789413959f23, type: 3}
      propertyPath: m_LocalRotation.x
      value: 0
      objectReference: {fileID: 0}
    - target: {fileID: 5955161316605302390, guid: 219d912ba0a53ef4d84e789413959f23, type: 3}
      propertyPath: m_LocalRotation.y
      value: 0
      objectReference: {fileID: 0}
    - target: {fileID: 5955161316605302390, guid: 219d912ba0a53ef4d84e789413959f23, type: 3}
      propertyPath: m_LocalRotation.z
      value: 0
      objectReference: {fileID: 0}
    - target: {fileID: 5955161316605302390, guid: 219d912ba0a53ef4d84e789413959f23, type: 3}
      propertyPath: m_LocalEulerAnglesHint.x
      value: 0
      objectReference: {fileID: 0}
    - target: {fileID: 5955161316605302390, guid: 219d912ba0a53ef4d84e789413959f23, type: 3}
      propertyPath: m_LocalEulerAnglesHint.y
      value: 0
      objectReference: {fileID: 0}
    - target: {fileID: 5955161316605302390, guid: 219d912ba0a53ef4d84e789413959f23, type: 3}
      propertyPath: m_LocalEulerAnglesHint.z
      value: 0
      objectReference: {fileID: 0}
    - target: {fileID: 5955161316605302391, guid: 219d912ba0a53ef4d84e789413959f23, type: 3}
      propertyPath: m_Follow
      value: 
      objectReference: {fileID: 7673284735178244418}
    - target: {fileID: 5955161316605302391, guid: 219d912ba0a53ef4d84e789413959f23, type: 3}
      propertyPath: m_LookAt
      value: 
      objectReference: {fileID: 7673284735178244418}
    - target: {fileID: 5955161316605302391, guid: 219d912ba0a53ef4d84e789413959f23, type: 3}
      propertyPath: m_YAxis.Value
      value: 0.5
      objectReference: {fileID: 0}
    - target: {fileID: 5955161316605302391, guid: 219d912ba0a53ef4d84e789413959f23, type: 3}
      propertyPath: m_Lens.m_SensorSize.x
      value: 36
      objectReference: {fileID: 0}
    - target: {fileID: 5955161316605302391, guid: 219d912ba0a53ef4d84e789413959f23, type: 3}
      propertyPath: m_Lens.m_SensorSize.y
      value: 24
      objectReference: {fileID: 0}
    - target: {fileID: 5955161316605302391, guid: 219d912ba0a53ef4d84e789413959f23, type: 3}
      propertyPath: m_Orbits.Array.data[0].m_Height
      value: 150
      objectReference: {fileID: 0}
    - target: {fileID: 5955161316605302391, guid: 219d912ba0a53ef4d84e789413959f23, type: 3}
      propertyPath: m_Orbits.Array.data[0].m_Radius
      value: 120
      objectReference: {fileID: 0}
    - target: {fileID: 5955161316605302391, guid: 219d912ba0a53ef4d84e789413959f23, type: 3}
      propertyPath: m_Orbits.Array.data[1].m_Height
      value: 100
      objectReference: {fileID: 0}
    - target: {fileID: 5955161316605302391, guid: 219d912ba0a53ef4d84e789413959f23, type: 3}
      propertyPath: m_Orbits.Array.data[1].m_Radius
      value: 100
      objectReference: {fileID: 0}
    - target: {fileID: 5955161316605302391, guid: 219d912ba0a53ef4d84e789413959f23, type: 3}
      propertyPath: m_Orbits.Array.data[2].m_Height
      value: 50
      objectReference: {fileID: 0}
    - target: {fileID: 5955161316605302391, guid: 219d912ba0a53ef4d84e789413959f23, type: 3}
      propertyPath: m_Orbits.Array.data[2].m_Radius
      value: 80
      objectReference: {fileID: 0}
    - target: {fileID: 6614137018620605444, guid: 219d912ba0a53ef4d84e789413959f23, type: 3}
      propertyPath: m_LocalPosition.x
      value: 0
      objectReference: {fileID: 0}
    - target: {fileID: 6614137018620605444, guid: 219d912ba0a53ef4d84e789413959f23, type: 3}
      propertyPath: m_LocalPosition.y
      value: 0
      objectReference: {fileID: 0}
    - target: {fileID: 6614137018620605444, guid: 219d912ba0a53ef4d84e789413959f23, type: 3}
      propertyPath: m_LocalPosition.z
      value: 0
      objectReference: {fileID: 0}
    - target: {fileID: 6614137018620605444, guid: 219d912ba0a53ef4d84e789413959f23, type: 3}
      propertyPath: m_LocalRotation.w
      value: 0.46858534
      objectReference: {fileID: 0}
    - target: {fileID: 6614137018620605444, guid: 219d912ba0a53ef4d84e789413959f23, type: 3}
      propertyPath: m_LocalRotation.x
      value: 0.17443547
      objectReference: {fileID: 0}
    - target: {fileID: 6614137018620605444, guid: 219d912ba0a53ef4d84e789413959f23, type: 3}
      propertyPath: m_LocalRotation.y
      value: 0.81161374
      objectReference: {fileID: 0}
    - target: {fileID: 6614137018620605444, guid: 219d912ba0a53ef4d84e789413959f23, type: 3}
      propertyPath: m_LocalRotation.z
      value: -0.30213118
      objectReference: {fileID: 0}
    - target: {fileID: 7073276217267199440, guid: 219d912ba0a53ef4d84e789413959f23, type: 3}
      propertyPath: m_LocalPosition.x
      value: 0
      objectReference: {fileID: 0}
    - target: {fileID: 7073276217267199440, guid: 219d912ba0a53ef4d84e789413959f23, type: 3}
      propertyPath: m_LocalPosition.y
      value: 0
      objectReference: {fileID: 0}
    - target: {fileID: 7073276217267199440, guid: 219d912ba0a53ef4d84e789413959f23, type: 3}
      propertyPath: m_LocalPosition.z
      value: 0
      objectReference: {fileID: 0}
    - target: {fileID: 7073276217267199440, guid: 219d912ba0a53ef4d84e789413959f23, type: 3}
      propertyPath: m_LocalRotation.w
      value: 0.46193972
      objectReference: {fileID: 0}
    - target: {fileID: 7073276217267199440, guid: 219d912ba0a53ef4d84e789413959f23, type: 3}
      propertyPath: m_LocalRotation.x
      value: 0.19134168
      objectReference: {fileID: 0}
    - target: {fileID: 7073276217267199440, guid: 219d912ba0a53ef4d84e789413959f23, type: 3}
      propertyPath: m_LocalRotation.y
      value: 0.8001032
      objectReference: {fileID: 0}
    - target: {fileID: 7073276217267199440, guid: 219d912ba0a53ef4d84e789413959f23, type: 3}
      propertyPath: m_LocalRotation.z
      value: -0.3314136
      objectReference: {fileID: 0}
    - target: {fileID: 7574717220925701546, guid: 219d912ba0a53ef4d84e789413959f23, type: 3}
      propertyPath: m_Lens.m_SensorSize.x
      value: 36
      objectReference: {fileID: 0}
    - target: {fileID: 7574717220925701546, guid: 219d912ba0a53ef4d84e789413959f23, type: 3}
      propertyPath: m_Lens.m_SensorSize.y
      value: 24
      objectReference: {fileID: 0}
    - target: {fileID: 8243785963790927882, guid: 219d912ba0a53ef4d84e789413959f23, type: 3}
      propertyPath: m_FollowOffset.y
      value: 100
      objectReference: {fileID: 0}
    - target: {fileID: 8243785963790927882, guid: 219d912ba0a53ef4d84e789413959f23, type: 3}
      propertyPath: m_FollowOffset.z
      value: -100
      objectReference: {fileID: 0}
    m_RemovedComponents: []
  m_SourcePrefab: {fileID: 100100000, guid: 219d912ba0a53ef4d84e789413959f23, type: 3}
--- !u!1 &7077315355233868217 stripped
GameObject:
  m_CorrespondingSourceObject: {fileID: 5955161316605302389, guid: 219d912ba0a53ef4d84e789413959f23, type: 3}
  m_PrefabInstance: {fileID: 3500237525086752716}
  m_PrefabAsset: {fileID: 0}
--- !u!4 &7077315355233868218 stripped
Transform:
  m_CorrespondingSourceObject: {fileID: 5955161316605302390, guid: 219d912ba0a53ef4d84e789413959f23, type: 3}
  m_PrefabInstance: {fileID: 3500237525086752716}
  m_PrefabAsset: {fileID: 0}
--- !u!114 &7077315355233868219 stripped
MonoBehaviour:
  m_CorrespondingSourceObject: {fileID: 5955161316605302391, guid: 219d912ba0a53ef4d84e789413959f23, type: 3}
  m_PrefabInstance: {fileID: 3500237525086752716}
  m_PrefabAsset: {fileID: 0}
  m_GameObject: {fileID: 7077315355233868217}
  m_Enabled: 1
  m_EditorHideFlags: 0
  m_Script: {fileID: 11500000, guid: 319d2fe34a804e245819465c9505ea59, type: 3}
  m_Name: 
  m_EditorClassIdentifier: 
--- !u!1001 &3696637237980849822
PrefabInstance:
  m_ObjectHideFlags: 0
  serializedVersion: 2
  m_Modification:
    m_TransformParent: {fileID: 7408046314633114327}
    m_Modifications:
    - target: {fileID: 773769932099264987, guid: 8c05a8f4247e79e4186a463bcfd45557, type: 3}
      propertyPath: m_RootOrder
      value: 7
      objectReference: {fileID: 0}
    - target: {fileID: 773769932099264987, guid: 8c05a8f4247e79e4186a463bcfd45557, type: 3}
      propertyPath: m_LocalPosition.x
      value: 0
      objectReference: {fileID: 0}
    - target: {fileID: 773769932099264987, guid: 8c05a8f4247e79e4186a463bcfd45557, type: 3}
      propertyPath: m_LocalPosition.y
      value: 0
      objectReference: {fileID: 0}
    - target: {fileID: 773769932099264987, guid: 8c05a8f4247e79e4186a463bcfd45557, type: 3}
      propertyPath: m_LocalPosition.z
      value: 0
      objectReference: {fileID: 0}
    - target: {fileID: 773769932099264987, guid: 8c05a8f4247e79e4186a463bcfd45557, type: 3}
      propertyPath: m_LocalRotation.w
      value: 1
      objectReference: {fileID: 0}
    - target: {fileID: 773769932099264987, guid: 8c05a8f4247e79e4186a463bcfd45557, type: 3}
      propertyPath: m_LocalRotation.x
      value: -0
      objectReference: {fileID: 0}
    - target: {fileID: 773769932099264987, guid: 8c05a8f4247e79e4186a463bcfd45557, type: 3}
      propertyPath: m_LocalRotation.y
      value: -0
      objectReference: {fileID: 0}
    - target: {fileID: 773769932099264987, guid: 8c05a8f4247e79e4186a463bcfd45557, type: 3}
      propertyPath: m_LocalRotation.z
      value: -0
      objectReference: {fileID: 0}
    - target: {fileID: 773769932099264987, guid: 8c05a8f4247e79e4186a463bcfd45557, type: 3}
      propertyPath: m_LocalEulerAnglesHint.x
      value: 0
      objectReference: {fileID: 0}
    - target: {fileID: 773769932099264987, guid: 8c05a8f4247e79e4186a463bcfd45557, type: 3}
      propertyPath: m_LocalEulerAnglesHint.y
      value: 0
      objectReference: {fileID: 0}
    - target: {fileID: 773769932099264987, guid: 8c05a8f4247e79e4186a463bcfd45557, type: 3}
      propertyPath: m_LocalEulerAnglesHint.z
      value: 0
      objectReference: {fileID: 0}
    - target: {fileID: 3878955706743740674, guid: 8c05a8f4247e79e4186a463bcfd45557, type: 3}
      propertyPath: m_Enabled
      value: 1
      objectReference: {fileID: 0}
    - target: {fileID: 5926369179687932244, guid: 8c05a8f4247e79e4186a463bcfd45557, type: 3}
      propertyPath: m_Name
      value: StartGame
      objectReference: {fileID: 0}
    - target: {fileID: 8286724147256806517, guid: 8c05a8f4247e79e4186a463bcfd45557, type: 3}
      propertyPath: cinemachineVirtualCamera
      value: 
      objectReference: {fileID: 8911896099728495759}
    m_RemovedComponents: []
  m_SourcePrefab: {fileID: 100100000, guid: 8c05a8f4247e79e4186a463bcfd45557, type: 3}
--- !u!4 &4175378210201257797 stripped
Transform:
  m_CorrespondingSourceObject: {fileID: 773769932099264987, guid: 8c05a8f4247e79e4186a463bcfd45557, type: 3}
  m_PrefabInstance: {fileID: 3696637237980849822}
  m_PrefabAsset: {fileID: 0}
--- !u!1001 &4491498760901518888
PrefabInstance:
  m_ObjectHideFlags: 0
  serializedVersion: 2
  m_Modification:
    m_TransformParent: {fileID: 7408046314633114327}
    m_Modifications:
    - target: {fileID: 6040211604698227686, guid: fc018ae83d6d02b49984d6dbc24a7e62, type: 3}
      propertyPath: target
      value: 
      objectReference: {fileID: 5592475865750090701}
    - target: {fileID: 6064652824528971626, guid: fc018ae83d6d02b49984d6dbc24a7e62, type: 3}
      propertyPath: m_RootOrder
      value: 2
      objectReference: {fileID: 0}
    - target: {fileID: 6064652824528971626, guid: fc018ae83d6d02b49984d6dbc24a7e62, type: 3}
      propertyPath: m_LocalPosition.x
      value: 0
      objectReference: {fileID: 0}
    - target: {fileID: 6064652824528971626, guid: fc018ae83d6d02b49984d6dbc24a7e62, type: 3}
      propertyPath: m_LocalPosition.y
      value: 4.63
      objectReference: {fileID: 0}
    - target: {fileID: 6064652824528971626, guid: fc018ae83d6d02b49984d6dbc24a7e62, type: 3}
      propertyPath: m_LocalPosition.z
      value: 0
      objectReference: {fileID: 0}
    - target: {fileID: 6064652824528971626, guid: fc018ae83d6d02b49984d6dbc24a7e62, type: 3}
      propertyPath: m_LocalRotation.w
      value: 0.49999994
      objectReference: {fileID: 0}
    - target: {fileID: 6064652824528971626, guid: fc018ae83d6d02b49984d6dbc24a7e62, type: 3}
      propertyPath: m_LocalRotation.x
      value: 0
      objectReference: {fileID: 0}
    - target: {fileID: 6064652824528971626, guid: fc018ae83d6d02b49984d6dbc24a7e62, type: 3}
      propertyPath: m_LocalRotation.y
      value: 0.86602545
      objectReference: {fileID: 0}
    - target: {fileID: 6064652824528971626, guid: fc018ae83d6d02b49984d6dbc24a7e62, type: 3}
      propertyPath: m_LocalRotation.z
      value: 0
      objectReference: {fileID: 0}
    - target: {fileID: 6064652824528971626, guid: fc018ae83d6d02b49984d6dbc24a7e62, type: 3}
      propertyPath: m_LocalEulerAnglesHint.x
      value: 0
      objectReference: {fileID: 0}
    - target: {fileID: 6064652824528971626, guid: fc018ae83d6d02b49984d6dbc24a7e62, type: 3}
      propertyPath: m_LocalEulerAnglesHint.y
      value: 120
      objectReference: {fileID: 0}
    - target: {fileID: 6064652824528971626, guid: fc018ae83d6d02b49984d6dbc24a7e62, type: 3}
      propertyPath: m_LocalEulerAnglesHint.z
      value: 0
      objectReference: {fileID: 0}
    - target: {fileID: 7948014308392926360, guid: fc018ae83d6d02b49984d6dbc24a7e62, type: 3}
      propertyPath: m_Name
      value: RotatedFollowPlayer
      objectReference: {fileID: 0}
    m_RemovedComponents: []
  m_SourcePrefab: {fileID: 100100000, guid: fc018ae83d6d02b49984d6dbc24a7e62, type: 3}
--- !u!4 &7673284735178244418 stripped
Transform:
  m_CorrespondingSourceObject: {fileID: 6064652824528971626, guid: fc018ae83d6d02b49984d6dbc24a7e62, type: 3}
  m_PrefabInstance: {fileID: 4491498760901518888}
  m_PrefabAsset: {fileID: 0}
--- !u!1001 &6508103396276684735
PrefabInstance:
  m_ObjectHideFlags: 0
  serializedVersion: 2
  m_Modification:
    m_TransformParent: {fileID: 7408046314633114327}
    m_Modifications:
    - target: {fileID: 271895527721059177, guid: c6605438f49cfc346afd18633f57c4e1, type: 3}
      propertyPath: m_Enabled
      value: 0
      objectReference: {fileID: 0}
    - target: {fileID: 271895527721059177, guid: c6605438f49cfc346afd18633f57c4e1, type: 3}
      propertyPath: m_fontAsset
      value: 
      objectReference: {fileID: 11400000, guid: 5302535af1044152a457ed104f1f4b91, type: 2}
    - target: {fileID: 271895527721059177, guid: c6605438f49cfc346afd18633f57c4e1, type: 3}
      propertyPath: m_sharedMaterial
      value: 
      objectReference: {fileID: 2100000, guid: b246c4190f4e46ec9352fe15a7b09ce0, type: 2}
    - target: {fileID: 577635401198480661, guid: c6605438f49cfc346afd18633f57c4e1, type: 3}
      propertyPath: deathCamera
      value: 
      objectReference: {fileID: 8911896099728495759}
    - target: {fileID: 1198880789212622879, guid: c6605438f49cfc346afd18633f57c4e1, type: 3}
      propertyPath: m_Enabled
      value: 0
      objectReference: {fileID: 0}
    - target: {fileID: 1198880789212622879, guid: c6605438f49cfc346afd18633f57c4e1, type: 3}
      propertyPath: m_fontAsset
      value: 
      objectReference: {fileID: 11400000, guid: 5302535af1044152a457ed104f1f4b91, type: 2}
    - target: {fileID: 1198880789212622879, guid: c6605438f49cfc346afd18633f57c4e1, type: 3}
      propertyPath: m_sharedMaterial
      value: 
      objectReference: {fileID: 2100000, guid: b246c4190f4e46ec9352fe15a7b09ce0, type: 2}
    - target: {fileID: 1715056332432700493, guid: c6605438f49cfc346afd18633f57c4e1, type: 3}
      propertyPath: onDie.m_PersistentCalls.m_Calls.Array.data[5].m_Mode
      value: 3
      objectReference: {fileID: 0}
    - target: {fileID: 1715056332432700493, guid: c6605438f49cfc346afd18633f57c4e1, type: 3}
      propertyPath: onDie.m_PersistentCalls.m_Calls.Array.data[5].m_Target
      value: 
      objectReference: {fileID: 8911896099728495759}
    - target: {fileID: 1715056332432700493, guid: c6605438f49cfc346afd18633f57c4e1, type: 3}
      propertyPath: onDie.m_PersistentCalls.m_Calls.Array.data[5].m_MethodName
      value: set_Priority
      objectReference: {fileID: 0}
    - target: {fileID: 1715056332432700493, guid: c6605438f49cfc346afd18633f57c4e1, type: 3}
      propertyPath: onDie.m_PersistentCalls.m_Calls.Array.data[5].m_TargetAssemblyTypeName
      value: Cinemachine.CinemachineVirtualCameraBase, Cinemachine
      objectReference: {fileID: 0}
    - target: {fileID: 1715056332432700493, guid: c6605438f49cfc346afd18633f57c4e1, type: 3}
      propertyPath: onDie.m_PersistentCalls.m_Calls.Array.data[5].m_Arguments.m_IntArgument
      value: 500
      objectReference: {fileID: 0}
    - target: {fileID: 1715056332432700493, guid: c6605438f49cfc346afd18633f57c4e1, type: 3}
      propertyPath: onDie.m_PersistentCalls.m_Calls.Array.data[5].m_Arguments.m_ObjectArgumentAssemblyTypeName
      value: UnityEngine.Object, UnityEngine
      objectReference: {fileID: 0}
    - target: {fileID: 1715056332432700529, guid: c6605438f49cfc346afd18633f57c4e1, type: 3}
      propertyPath: m_Name
      value: Player_Ship
      objectReference: {fileID: 0}
    - target: {fileID: 1715056332432700530, guid: c6605438f49cfc346afd18633f57c4e1, type: 3}
      propertyPath: m_RootOrder
      value: 5
      objectReference: {fileID: 0}
    - target: {fileID: 1715056332432700530, guid: c6605438f49cfc346afd18633f57c4e1, type: 3}
      propertyPath: m_LocalPosition.x
      value: 0
      objectReference: {fileID: 0}
    - target: {fileID: 1715056332432700530, guid: c6605438f49cfc346afd18633f57c4e1, type: 3}
      propertyPath: m_LocalPosition.y
      value: 0
      objectReference: {fileID: 0}
    - target: {fileID: 1715056332432700530, guid: c6605438f49cfc346afd18633f57c4e1, type: 3}
      propertyPath: m_LocalPosition.z
      value: 0
      objectReference: {fileID: 0}
    - target: {fileID: 1715056332432700530, guid: c6605438f49cfc346afd18633f57c4e1, type: 3}
      propertyPath: m_LocalRotation.w
      value: 1
      objectReference: {fileID: 0}
    - target: {fileID: 1715056332432700530, guid: c6605438f49cfc346afd18633f57c4e1, type: 3}
      propertyPath: m_LocalRotation.x
      value: 0
      objectReference: {fileID: 0}
    - target: {fileID: 1715056332432700530, guid: c6605438f49cfc346afd18633f57c4e1, type: 3}
      propertyPath: m_LocalRotation.y
      value: 0
      objectReference: {fileID: 0}
    - target: {fileID: 1715056332432700530, guid: c6605438f49cfc346afd18633f57c4e1, type: 3}
      propertyPath: m_LocalRotation.z
      value: 0
      objectReference: {fileID: 0}
    - target: {fileID: 1715056332432700530, guid: c6605438f49cfc346afd18633f57c4e1, type: 3}
      propertyPath: m_LocalEulerAnglesHint.x
      value: 0
      objectReference: {fileID: 0}
    - target: {fileID: 1715056332432700530, guid: c6605438f49cfc346afd18633f57c4e1, type: 3}
      propertyPath: m_LocalEulerAnglesHint.y
      value: 0
      objectReference: {fileID: 0}
    - target: {fileID: 1715056332432700530, guid: c6605438f49cfc346afd18633f57c4e1, type: 3}
      propertyPath: m_LocalEulerAnglesHint.z
      value: 0
      objectReference: {fileID: 0}
    - target: {fileID: 1803311640857045715, guid: c6605438f49cfc346afd18633f57c4e1, type: 3}
      propertyPath: m_Enabled
      value: 0
      objectReference: {fileID: 0}
    - target: {fileID: 1803311640857045715, guid: c6605438f49cfc346afd18633f57c4e1, type: 3}
      propertyPath: m_fontAsset
      value: 
      objectReference: {fileID: 11400000, guid: 5302535af1044152a457ed104f1f4b91, type: 2}
    - target: {fileID: 1803311640857045715, guid: c6605438f49cfc346afd18633f57c4e1, type: 3}
      propertyPath: m_sharedMaterial
      value: 
      objectReference: {fileID: 2100000, guid: b246c4190f4e46ec9352fe15a7b09ce0, type: 2}
    - target: {fileID: 1875425222591402312, guid: c6605438f49cfc346afd18633f57c4e1, type: 3}
      propertyPath: m_Enabled
      value: 0
      objectReference: {fileID: 0}
    - target: {fileID: 1875425222591402312, guid: c6605438f49cfc346afd18633f57c4e1, type: 3}
      propertyPath: m_fontAsset
      value: 
      objectReference: {fileID: 11400000, guid: 5302535af1044152a457ed104f1f4b91, type: 2}
    - target: {fileID: 1875425222591402312, guid: c6605438f49cfc346afd18633f57c4e1, type: 3}
      propertyPath: m_sharedMaterial
      value: 
      objectReference: {fileID: 2100000, guid: b246c4190f4e46ec9352fe15a7b09ce0, type: 2}
    - target: {fileID: 2529359321124045527, guid: c6605438f49cfc346afd18633f57c4e1, type: 3}
      propertyPath: deathCamera
      value: 
      objectReference: {fileID: 8911896099728495759}
    - target: {fileID: 2529359321124045527, guid: c6605438f49cfc346afd18633f57c4e1, type: 3}
      propertyPath: normalCamera
      value: 
      objectReference: {fileID: 7077315355233868219}
    - target: {fileID: 3800940097910014451, guid: c6605438f49cfc346afd18633f57c4e1, type: 3}
      propertyPath: freeLookCamera
      value: 
      objectReference: {fileID: 7077315355233868217}
    - target: {fileID: 3920045205226619077, guid: c6605438f49cfc346afd18633f57c4e1, type: 3}
      propertyPath: m_Enabled
      value: 0
      objectReference: {fileID: 0}
    - target: {fileID: 3920045205226619077, guid: c6605438f49cfc346afd18633f57c4e1, type: 3}
      propertyPath: m_fontAsset
      value: 
      objectReference: {fileID: 11400000, guid: 5302535af1044152a457ed104f1f4b91, type: 2}
    - target: {fileID: 3920045205226619077, guid: c6605438f49cfc346afd18633f57c4e1, type: 3}
      propertyPath: m_sharedMaterial
      value: 
      objectReference: {fileID: 2100000, guid: b246c4190f4e46ec9352fe15a7b09ce0, type: 2}
    - target: {fileID: 4787128064143716245, guid: c6605438f49cfc346afd18633f57c4e1, type: 3}
      propertyPath: m_Alpha
      value: 0
      objectReference: {fileID: 0}
    - target: {fileID: 5683697102196729052, guid: c6605438f49cfc346afd18633f57c4e1, type: 3}
      propertyPath: m_Enabled
      value: 0
      objectReference: {fileID: 0}
    - target: {fileID: 5683697102196729052, guid: c6605438f49cfc346afd18633f57c4e1, type: 3}
      propertyPath: m_fontAsset
      value: 
      objectReference: {fileID: 11400000, guid: 5302535af1044152a457ed104f1f4b91, type: 2}
    - target: {fileID: 5683697102196729052, guid: c6605438f49cfc346afd18633f57c4e1, type: 3}
      propertyPath: m_sharedMaterial
      value: 
      objectReference: {fileID: 2100000, guid: b246c4190f4e46ec9352fe15a7b09ce0, type: 2}
    - target: {fileID: 6024363015417845967, guid: c6605438f49cfc346afd18633f57c4e1, type: 3}
      propertyPath: m_Enabled
      value: 0
      objectReference: {fileID: 0}
    - target: {fileID: 6024363015417845967, guid: c6605438f49cfc346afd18633f57c4e1, type: 3}
      propertyPath: m_fontAsset
      value: 
      objectReference: {fileID: 11400000, guid: 5302535af1044152a457ed104f1f4b91, type: 2}
    - target: {fileID: 6024363015417845967, guid: c6605438f49cfc346afd18633f57c4e1, type: 3}
      propertyPath: m_sharedMaterial
      value: 
      objectReference: {fileID: 2100000, guid: b246c4190f4e46ec9352fe15a7b09ce0, type: 2}
    - target: {fileID: 6106902246411372462, guid: c6605438f49cfc346afd18633f57c4e1, type: 3}
      propertyPath: m_Enabled
      value: 0
      objectReference: {fileID: 0}
    - target: {fileID: 6106902246411372462, guid: c6605438f49cfc346afd18633f57c4e1, type: 3}
      propertyPath: m_fontAsset
      value: 
      objectReference: {fileID: 11400000, guid: 5302535af1044152a457ed104f1f4b91, type: 2}
    - target: {fileID: 6106902246411372462, guid: c6605438f49cfc346afd18633f57c4e1, type: 3}
      propertyPath: m_sharedMaterial
      value: 
      objectReference: {fileID: 2100000, guid: b246c4190f4e46ec9352fe15a7b09ce0, type: 2}
    - target: {fileID: 8739880153270053993, guid: c6605438f49cfc346afd18633f57c4e1, type: 3}
      propertyPath: m_Enabled
      value: 0
      objectReference: {fileID: 0}
    - target: {fileID: 8739880153270053993, guid: c6605438f49cfc346afd18633f57c4e1, type: 3}
      propertyPath: m_fontAsset
      value: 
      objectReference: {fileID: 11400000, guid: 5302535af1044152a457ed104f1f4b91, type: 2}
    - target: {fileID: 8739880153270053993, guid: c6605438f49cfc346afd18633f57c4e1, type: 3}
      propertyPath: m_sharedMaterial
      value: 
      objectReference: {fileID: 2100000, guid: b246c4190f4e46ec9352fe15a7b09ce0, type: 2}
    - target: {fileID: 9090292126573515848, guid: c6605438f49cfc346afd18633f57c4e1, type: 3}
      propertyPath: m_Enabled
      value: 0
      objectReference: {fileID: 0}
    - target: {fileID: 9090292126573515848, guid: c6605438f49cfc346afd18633f57c4e1, type: 3}
      propertyPath: m_fontAsset
      value: 
      objectReference: {fileID: 11400000, guid: 5302535af1044152a457ed104f1f4b91, type: 2}
    - target: {fileID: 9090292126573515848, guid: c6605438f49cfc346afd18633f57c4e1, type: 3}
      propertyPath: m_sharedMaterial
      value: 
      objectReference: {fileID: 2100000, guid: b246c4190f4e46ec9352fe15a7b09ce0, type: 2}
    m_RemovedComponents: []
  m_SourcePrefab: {fileID: 100100000, guid: c6605438f49cfc346afd18633f57c4e1, type: 3}
--- !u!4 &5592475865750090701 stripped
Transform:
  m_CorrespondingSourceObject: {fileID: 1715056332432700530, guid: c6605438f49cfc346afd18633f57c4e1, type: 3}
  m_PrefabInstance: {fileID: 6508103396276684735}
  m_PrefabAsset: {fileID: 0}
--- !u!1001 &7408046314009749739
PrefabInstance:
  m_ObjectHideFlags: 0
  serializedVersion: 2
  m_Modification:
    m_TransformParent: {fileID: 7408046314633114327}
    m_Modifications:
    - target: {fileID: 561133281674838987, guid: 4d507157f47040e43aa92f0581a7cd6d, type: 3}
      propertyPath: m_Enabled
      value: 0
      objectReference: {fileID: 0}
    - target: {fileID: 6913145882221037715, guid: 4d507157f47040e43aa92f0581a7cd6d, type: 3}
      propertyPath: m_Name
      value: Camera
      objectReference: {fileID: 0}
    - target: {fileID: 6913145882221037718, guid: 4d507157f47040e43aa92f0581a7cd6d, type: 3}
      propertyPath: orthographic size
      value: 10
      objectReference: {fileID: 0}
    - target: {fileID: 6913145882221037719, guid: 4d507157f47040e43aa92f0581a7cd6d, type: 3}
      propertyPath: m_RootOrder
      value: 0
      objectReference: {fileID: 0}
    - target: {fileID: 6913145882221037719, guid: 4d507157f47040e43aa92f0581a7cd6d, type: 3}
      propertyPath: m_LocalScale.y
      value: 1
      objectReference: {fileID: 0}
    - target: {fileID: 6913145882221037719, guid: 4d507157f47040e43aa92f0581a7cd6d, type: 3}
      propertyPath: m_LocalScale.z
      value: 1
      objectReference: {fileID: 0}
    - target: {fileID: 6913145882221037719, guid: 4d507157f47040e43aa92f0581a7cd6d, type: 3}
      propertyPath: m_LocalPosition.x
      value: -21.044415
      objectReference: {fileID: 0}
    - target: {fileID: 6913145882221037719, guid: 4d507157f47040e43aa92f0581a7cd6d, type: 3}
      propertyPath: m_LocalPosition.y
      value: 24.07
      objectReference: {fileID: 0}
    - target: {fileID: 6913145882221037719, guid: 4d507157f47040e43aa92f0581a7cd6d, type: 3}
      propertyPath: m_LocalPosition.z
      value: 12.1500025
      objectReference: {fileID: 0}
    - target: {fileID: 6913145882221037719, guid: 4d507157f47040e43aa92f0581a7cd6d, type: 3}
      propertyPath: m_LocalRotation.w
      value: 0.4718142
      objectReference: {fileID: 0}
    - target: {fileID: 6913145882221037719, guid: 4d507157f47040e43aa92f0581a7cd6d, type: 3}
      propertyPath: m_LocalRotation.x
      value: 0.16550346
      objectReference: {fileID: 0}
    - target: {fileID: 6913145882221037719, guid: 4d507157f47040e43aa92f0581a7cd6d, type: 3}
      propertyPath: m_LocalRotation.y
      value: 0.81720614
      objectReference: {fileID: 0}
    - target: {fileID: 6913145882221037719, guid: 4d507157f47040e43aa92f0581a7cd6d, type: 3}
      propertyPath: m_LocalRotation.z
      value: -0.28666037
      objectReference: {fileID: 0}
    - target: {fileID: 6913145882221037719, guid: 4d507157f47040e43aa92f0581a7cd6d, type: 3}
      propertyPath: m_LocalEulerAnglesHint.x
      value: 45
      objectReference: {fileID: 0}
    - target: {fileID: 6913145882221037719, guid: 4d507157f47040e43aa92f0581a7cd6d, type: 3}
      propertyPath: m_LocalEulerAnglesHint.y
      value: -120
      objectReference: {fileID: 0}
    - target: {fileID: 6913145882221037719, guid: 4d507157f47040e43aa92f0581a7cd6d, type: 3}
      propertyPath: m_LocalEulerAnglesHint.z
      value: 0
      objectReference: {fileID: 0}
    m_RemovedComponents: []
  m_SourcePrefab: {fileID: 100100000, guid: 4d507157f47040e43aa92f0581a7cd6d, type: 3}
--- !u!4 &4124953467679416444 stripped
Transform:
  m_CorrespondingSourceObject: {fileID: 6913145882221037719, guid: 4d507157f47040e43aa92f0581a7cd6d, type: 3}
  m_PrefabInstance: {fileID: 7408046314009749739}
  m_PrefabAsset: {fileID: 0}
